% Encoding: UTF-8

% --- Referencias que puse hace al principio y que est√°n sin uso ---
@misc{ScanDimension,
  author = {{Scan Dimension}},
  mendeley-groups = {TFG/Scanners},
  title = {{SOL 3D scanner}},
  url = {https://all3dp.com/1/scan-dimension-sol-3d-scanner-review-specs/},
  year = {2018}
}
@misc{MatterandFormInc.2017,
  author = {{Matter and Form Inc.}},
  mendeley-groups = {TFG/Scanners},
  title = {{Matter Form V2}},
  url = {https://matterandform.net/scanner},
  year = {2017}
}
@misc{Shining3D2017,
  author = {{Shining 3D}},
  mendeley-groups = {TFG/Scanners},
  title = {{EinScan-SE 3D Scanner}},
  url = {https://www.einscan.com/desktop-3d-scanners/einscan-se/},
  year = {2017}
}
@misc{RangeVision2020,
  author = {RangeVision},
  mendeley-groups = {TFG/Scanners},
  title = {{RangeVision Spectrum 3D scanner}},
  url = {https://www.rangevision.eu/rangevision-spectrum/},
  year = {2020}
}
@misc{HP2017,
  author = {HP},
  mendeley-groups = {TFG/Scanners},
  title = {{HP 3D Structured Light Scanner Pro S3}},
  url = {https://www.hp.com/es-es/campaign/3Dscanner/overview.html},
  year = {2017}
}
@article{narvaez2010escaner,
  title={Esc{\'a}ner 3D de bajo costo empleando WebCams},
  author={Narv{\'a}ez, Astrid C},
  year={2010}
}
@misc{Intel,
  author = {Intel},
  mendeley-groups = {TFG},
  title = {{SDK Realsense - https://www.intelrealsense.com/developers/}}
}
@inproceedings {LocalChapterEvents:ItalChap:ItalianChapConf2008:129-136,
  booktitle = {Eurographics Italian Chapter Conference},
  editor = {Vittorio Scarano and Rosario De Chiara and Ugo Erra},
  title = {{MeshLab: an Open-Source Mesh Processing Tool}},
  author = {Cignoni, Paolo and Callieri, Marco and Corsini, Massimiliano and Dellepiane, Matteo and Ganovelli, Fabio and Ranzuglia, Guido},
  year = {2008},
  publisher = {The Eurographics Association},
  ISBN = {978-3-905673-68-5},
  DOI = {10.2312/LocalChapterEvents/ItalChap/ItalianChapConf2008/129-136}
}
@inproceedings {RCDCS13,
  author = "Ranzuglia, Guido and Callieri, Marco and Dellepiane, Matteo and Cignoni, Paolo and Scopigno, Roberto",
  title = "MeshLab as a complete tool for the integration of photos and color with high resolution 3D geometry data",
  booktitle = "CAA 2012 Conference Proceedings",
  pages = "406-416",
  year = "2013", publisher = "Pallas Publications - Amsterdam University Press (AUP)",
  url = "http://vcg.isti.cnr.it/Publications/2013/RCDCS13"
}
@article{kazhdan2013screened,
  title={Screened poisson surface reconstruction},
  author={Kazhdan, Michael and Hoppe, Hugues},
  journal={ACM Transactions on Graphics (TOG)},
  volume={32},
  number={3},
  pages={29},
  year={2013},
  publisher={ACM}
}


% --- Referencias con uso ---
@misc{Tech4DietResultados,
  author = {Tech4Diet},
  title = {{Tech4Diet - Principales resultados del proyecto}},
  url = {http://tech4d.dtic.ua.es/publicaciones/resultados-priv/},
  year = {2020}
}
@inproceedings{Suzen2020,
  author = {Suzen, Ahmet Ali and Duman, Burhan and Sen, Betul},
  booktitle = {2020 International Congress on Human-Computer Interaction, Optimization and Robotic Applications (HORA)},
  doi = {10.1109/HORA49412.2020.9152915},
  isbn = {978-1-7281-9352-6},
  month = {jun},
  pages = {1--5},
  publisher = {IEEE},
  title = {{Benchmark Analysis of Jetson TX2, Jetson Nano and Raspberry PI using Deep-CNN}},
  url = {https://ieeexplore.ieee.org/document/9152915/},
  year = {2020}
}
@inproceedings{Jo2020,
  author = {Jo, Jongmin and Jeong, Sucheol and Kang, Pilsung},
  booktitle = {2020 IEEE International Conference on Big Data and Smart Computing (BigComp)},
  doi = {10.1109/BigComp48618.2020.00-89},
  isbn = {978-1-7281-6034-4},
  month = {feb},
  pages = {117--120},
  publisher = {IEEE},
  title = {{Benchmarking GPU-Accelerated Edge Devices}},
  url = {https://ieeexplore.ieee.org/document/9070647/},
  year = {2020}
}
@inproceedings{DaSilvaNeto2020,
  author = {{da Silva Neto}, Jose Gomes and {da Lima Silva}, Pedro Jorge and Figueredo, Filipe and Teixeira, Joao Marcelo Xavier Natario and Teichrieb, Veronica},
  booktitle = {2020 22nd Symposium on Virtual and Augmented Reality (SVR)},
  doi = {10.1109/SVR51698.2020.00046},
  isbn = {978-1-7281-9231-4},
  month = {nov},
  pages = {252--261},
  publisher = {IEEE},
  title = {{Comparison of RGB-D sensors for 3D reconstruction}},
  url = {https://ieeexplore.ieee.org/document/9262651/},
  year = {2020}
}
@inproceedings{RayonEncinas2015,
  author = {{Ray{\'{o}}n Encinas}, Emilio and {Patricia Arrieta}, Marina and {Ferr{\'{a}}ndiz Bou}, Santiago and {L{\'{o}}pez Mart{\'{i}}nez}, Juan},
  booktitle = {Libro de Actas IN-RED 2015 - Congreso Nacional de Innovaci{\'{o}}n Educativa y de Docencia en Red},
  doi = {10.4995/INRED2015.2015.1590},
  isbn = {9788490483961},
  month = {jun},
  pages = {237--246},
  publisher = {Editorial Universitat Polit{\`{e}}cnica de Val{\`{e}}ncia},
  title = {{Desarrollo de metodolog{\'{i}}a docente enfocada a alumnos de grado en Ingenier{\'{i}}a de Dise{\~{n}}o Industrial y del Producto. Generaci{\'{o}}n de prototipos por modelado, escaneado e impresi{\'{o}}n 3D}},
  url = {http://ocs.editorial.upv.es/index.php/ INRED/INRED2015/paper/view/1590},
  year = {2015}
}
@inproceedings{isaza2011reconstruccion,
  title = {Reconstrucci{\'o}n digital del mu{\~n}{\'o}n de un amputado transfemoral a partir de datos obtenidos de esc{\'a}ner 3D},
  author = {Isaza, J{\'e}sica and Serna, Ana and Restrepo, Diego and Guti{\'e}rrez, Faviana and Ram{\'\i}rez, Juan and Correz, Alexander},
  year = {2011},
  publisher = {Universidad Nacional de Educaci{\'o}n a Distancia (Espa{\~n}a)},
  url = {http://e-spacio.uned.es/fez/view/bibliuned:iberoingmecanica-2011-vol15-n1-05}
}
@phdthesis{martinez2020diseno,
  title = {Dise{\~n}o de pr{\'o}tesis inferiores impresas en 3D para personas amputadas en Camer{\'u}n},
  author = {Mart{\'\i}nez Belda, Mar{\'\i}a del Mar},
  year = {2020},
  school = {Universitat Polit{\`e}cnica de Val{\`e}ncia},
  url = {https://riunet.upv.es/handle/10251/153323}
}
@article{Haleem2019,
  author = {Haleem, Abid and Javaid, Mohd.},
  doi = {10.1016/j.cegh.2018.05.006},
  issn = {22133984},
  journal = {Clinical Epidemiology and Global Health},
  month = {jun},
  number = {2},
  pages = {199--210},
  title = {{3D scanning applications in medical field: A literature-based review}},
  url = {https://linkinghub.elsevier.com/retrieve/pii/S2213398418300952},
  volume = {7},
  year = {2019}
}
@article{Fuster-Guillo2020,
  abstract = {This research aims to improve dietetic-nutritional treatment using state-of-the-art RGB-D sensors and virtual reality (VR) technology. Recent studies show that adherence to treatment can be improved using multimedia technologies. However, there are few studies using 3D data and VR technologies for this purpose. On the other hand, obtaining 3D measurements of the human body and analyzing them over time (4D) in patients undergoing dietary treatment is a challenging field. The main contribution of the work is to provide a framework to study the effect of 4D body model visualization on adherence to obesity treatment. The system can obtain a complete 3D model of a body using low-cost technology, allowing future straightforward transference with sufficient accuracy and realistic visualization, enabling the analysis of the evolution (4D) of the shape during the treatment of obesity. The 3D body models will be used for studying the effect of visualization on adherence to obesity treatment using 2D and VR devices. Moreover, we will use the acquired 3D models to obtain measurements of the body. An analysis of the accuracy of the proposed methods for obtaining measurements with both synthetic and real objects has been carried out.},
  author = {Fuster-Guill{\'{o}}, Andr{\'{e}}s and Azor{\'{i}}n-L{\'{o}}pez, Jorge and Saval-Calvo, Marcelo and Castillo-Zaragoza, Juan Miguel and Garcia-D'Urso, Nahuel and Fisher, Robert B.},
  doi = {10.3390/s20133690},
  issn = {1424-8220},
  journal = {Sensors},
  month = {jul},
  number = {13},
  pages = {3690},
  title = {{RGB-D-Based Framework to Acquire, Visualize and Measure the Human Body for Dietetic Treatments}},
  url = {https://www.mdpi.com/1424-8220/20/13/3690},
  volume = {20},
  year = {2020}
}
@phdthesis{blazquez2015geotecnologias,
  title = {Geotecnolog{\'\i}as l{\'a}ser y fotogram{\'e}tricas aplicadas a la modelizaci{\'o}n 3D de escenarios complejos en infograf{\'\i}a forense},
  author = {Blazquez, Sandra Zancajo},
  year = {2015},
  school = {Universidad de Salamanca},
  url = {https://dialnet.unirioja.es/servlet/dctes?codigo=101680}
}
@article{Valverde-Bastidas2020,
  abstract = {En el caso de elementos delicados como son los f{\'{o}}siles, el uso del esc{\'{a}}ner es el m{\'{a}}s adecuado, el esc{\'{a}}ner maneja una tecnolog{\'{i}}a que permite recopilar la informaci{\'{o}}n de forma digital con el prop{\'{o}}sito de: levantamiento de informaci{\'{o}}n, modelamiento o restauraci{\'{o}}n o inclusive luego del modelamiento, se puede realizar ensamblajes de elementos individuales para duplicar elementos o recrear cuerpos completos. Los resultados de la aplicaci{\'{o}}n desarrollada en este trabajo, tienen aproximaciones muy cercanas a las reales, evidenci{\'{a}}ndose la efectividad de la metodolog{\'{i}}a desarrollada. Posteriormente y una vez obtenido el modelo 3D, se procede a realizar las operaciones necesarias para la reproducci{\'{o}}n del f{\'{o}}sil reconstruido utilizando equipo de prototipado r{\'{a}}pido; para lo cual se emplea software adecuado que permita realizar estos procedimientos, y de esta manera realizar la integraci{\'{o}}n completa desde escaneo 3D hasta la obtenci{\'{o}}n del elemento final de forma digital o f{\'{i}}sica.},
  author = {Valverde-Bastidas, Javier and Ces{\'{e}}n-Arteaga, Mario and Sarmiento-Borja, Edgar},
  doi = {10.35381/r.k.v5i9.657},
  issn = {2542-3088},
  journal = {Revista Arbitrada Interdisciplinaria Koinon{\'{i}}a},
  month = {jan},
  number = {9},
  pages = {392},
  title = {{Restauraci{\'{o}}n y conservaci{\'{o}}n digital de f{\'{o}}siles mediante escaneado 3D y la reproducci{\'{o}}n con prototipado r{\'{a}}pido}},
  url = {https://fundacionkoinonia.com.ve/ojs/index.php/revistakoinonia/article/view/657},
  volume = {5},
  year = {2020}
}
@inproceedings{galacho2018geotecnologias,
  title = {Geotecnolog{\'\i}as 3D para la generaci{\'o}n de contenidos digitales en el {\'a}mbito del patrimonio arqueol{\'o}gico},
  author = {Galacho-Jimenez, Federico Benjamin and others},
  year = {2018},
  url = {https://riuma.uma.es/xmlui/handle/10630/15778}
}
@phdthesis{fioriti2021analysis,
  title = {Analysis of 3D perception based on depth sensors in order to perform 3D scene understanding},
  author = {Fioriti, Edoardo},
  year = {2021},
  school = {Politecnico di Torino},
  url = {https://webthesis.biblio.polito.it/21023/}
}
@article{Aoki2020,
  author = {Aoki, Yuki and Ujihara, Shingo and Saito, Takanori and Yuminaka, Yasushi},
  doi = {10.1088/1361-6552/ab9213},
  issn = {0031-9120},
  journal = {Physics Education},
  month = {jul},
  number = {4},
  pages = {045020},
  title = {{Development of augmented reality systems displaying three-dimensional dynamic motion in real time}},
  url = {https://iopscience.iop.org/article/10.1088/1361-6552/ab9213},
  volume = {55},
  year = {2020}
}
@misc {VillenaMartinez2015,
  title = {An√°lisis comparativo de m√©todos de calibrado para sensores RGB-D y su influencia en el registro de m√∫ltiples vistas},
  author = {Villena Mart√≠nez, V√≠ctor},
  year = {28/07/2015},
  url = {http://rua.ua.es/dspace/handle/10045/48745?locale=ca}
}
@article{VillenaMartinez2017,
  author = {Villena-Mart{\'{i}}nez, V{\'{i}}ctor and Fuster-Guill{\'{o}}, Andr{\'{e}}s and Azor{\'{i}}n-L{\'{o}}pez, Jorge and Saval-Calvo, Marcelo and Mora-Pascual, Jeronimo and Garcia-Rodriguez, Jose and Garcia-Garcia, Alberto},
  doi = {10.3390/s17020243},
  issn = {1424-8220},
  journal = {Sensors},
  month = {jan},
  number = {2},
  pages = {243},
  title = {{A Quantitative Comparison of Calibration Methods for RGB-D Sensors Using Different Technologies}},
  url = {http://www.mdpi.com/1424-8220/17/2/243},
  volume = {17},
  year = {2017}
}
@inproceedings{bouguet2004camera,
  author = {Bouguet, J-Y},
  title = {Camera Calibration Toolbox for Matlab},
  year = {2004},
  url = {https://cir.nii.ac.jp/crid/1572824500323884800}
}
@inproceedings{burrus2012rgbdemo,
  title = {RGBDemo},
  author = {Burrus, Nicolas},
  year = {2012},
  url = {http://rgbdemo.org/}
}
@article{HerreraC.2012,
  author = {{Herrera C.}, Daniel and Kannala, Juho and Heikkila, Janne},
  doi = {10.1109/TPAMI.2012.125},
  issn = {0162-8828},
  journal = {IEEE Transactions on Pattern Analysis and Machine Intelligence},
  month = {oct},
  number = {10},
  pages = {2058--2064},
  title = {{Joint Depth and Color Camera Calibration with Distortion Correction}},
  url = {http://ieeexplore.ieee.org/document/6205765/},
  volume = {34},
  year = {2012}
}
@article{Azorin-Lopez2021,
  abstract = {Planes are the core geometric models present everywhere in the three-dimensional real world. There are many examples of manual constructions based on planar patches: facades, corridors, packages, boxes, etc. In these constructions, planar patches must satisfy orthogonal constraints by design ( e.g . walls with a ceiling and floor). The hypothesis is that by exploiting orthogonality constraints when possible in the scene, we can perform a reconstruction from a set of points captured by 3D cameras with high accuracy and a low response time. We introduce a method that can iteratively fit a planar model in the presence of noise according to three main steps: a clustering-based unsupervised step that builds pre-clusters from the set of (noisy) points; a linear regression-based supervised step that optimizes a set of planes from the clusters; a reassignment step that challenges the members of the current clusters in a way that minimizes the residuals of the linear predictors. The main contribution is that the method can simultaneously fit different planes in a point cloud providing a good accuracy/speed trade-oÔ¨Ä even in the presence of noise and outliers, with a smaller processing time compared with previous methods. An extensive experimental study on synthetic data is conducted to compare our method with the most current and representative methods. The quantitative results provide indisputable evidence that our method can generate very accurate models faster than baseline methods. Moreover, two case studies for reconstructing planar-based objects using a Kinect sensor are presented to provide qualitative evidence of the efficiency of our method in real applications.},
  author = {Azorin-Lopez, Jorge and Sebban, Marc and Fuster-Guillo, Andres and Saval-Calvo, Marcelo and Habrard, Amaury},
  doi = {10.7717/peerj-cs.691},
  issn = {2376-5992},
  journal = {PeerJ Computer Science},
  month = {sep},
  pages = {e691},
  title = {{Iterative multilinear optimization for planar model fitting under geometric constraints}},
  url = {https://peerj.com/articles/cs-691},
  volume = {7},
  year = {2021}
}
@incollection{Huang2015,
  author = {Huang, Xuwei and Hu, Min},
  doi = {10.1007/978-3-662-48247-6_4},
  pages = {46--51},
  title = {{3D Reconstruction Based on Model Registration Using RANSAC-ICP Algorithm}},
  url = {http://link.springer.com/10.1007/978-3-662-48247-6_4},
  year = {2015}
}
@article{Wu2020,
  author = {Wu, Peng and Li, Wei and Yan, Ming},
  doi = {10.1016/j.micpro.2020.103064},
  issn = {01419331},
  journal = {Microprocessors and Microsystems},
  month = {jun},
  pages = {103064},
  title = {{3D scene reconstruction based on improved ICP algorithm}},
  url = {https://linkinghub.elsevier.com/retrieve/pii/S0141933120301046},
  volume = {75},
  year = {2020}
}
@inproceedings{ruchay2018accurate,
  title={Accurate reconstruction of the 3D indoor environment map with a RGB-D camera based on multiple ICP},
  author={Ruchay, A and Dorofeev, K and Kober, A},
  booktitle={CEUR Workshop Proceedings},
  volume={2210},
  pages={300--308},
  year={2018}
}
@article{Takimoto2016,
  author = {Takimoto, Rog{\'{e}}rio Yugo and Tsuzuki, Marcos de Sales Guerra and Vogelaar, Renato and Martins, Thiago de Castro and Sato, Andr{\'{e}} Kubagawa and Iwao, Yuma and Gotoh, Toshiyuki and Kagei, Seiichiro},
  doi = {10.1016/j.mechatronics.2015.10.014},
  issn = {09574158},
  journal = {Mechatronics},
  month = {may},
  pages = {11--22},
  title = {{3D reconstruction and multiple point cloud registration using a low precision RGB-D sensor}},
  url = {https://linkinghub.elsevier.com/retrieve/pii/S0957415815001932},
  volume = {35},
  year = {2016}
}
@misc{wiki:transformation-matrix,
  author = {{Transformation matrix}},
  title = {Transformation matrix --- {W}ikipedia{,} The Free Encyclopedia},
  year = {25/05/2022},
  url = {https://en.wikipedia.org/w/index.php?title=Transformation_matrix&oldid=1089725131},
  note = {[Online; accedido en 25-Mayo-2022]}
}
@misc{wiki:rotation-matrix,
  author = {{Rotation matrix}},
  title = {Rotation matrix --- {W}ikipedia{,} The Free Encyclopedia},
  year = {22/04/2022},
  url = {https://en.wikipedia.org/w/index.php?title=Rotation_matrix&oldid=1084060907},
  note = {[Online; accedido en 22-Abril-2022]}
}
@misc{wiki:translation-matrix,
  author = {{Translation matrix}},
  title = {Translation matrix --- {W}ikipedia{,} The Free Encyclopedia},
  year = {14/01/2022},
  url = {https://en.wikipedia.org/w/index.php?title=Translation_(geometry)&oldid=1065586209},
  note = {[Online; accedido en 14-Enero-2022]}
}
@article{Besl1992,
  author = {Besl, P.J. and McKay, Neil D.},
  doi = {10.1109/34.121791},
  issn = {0162-8828},
  journal = {IEEE Transactions on Pattern Analysis and Machine Intelligence},
  month = {feb},
  number = {2},
  pages = {239--256},
  title = {{A method for registration of 3-D shapes}},
  url = {http://ieeexplore.ieee.org/document/121791/},
  volume = {14},
  year = {1992}
}
@article{Fischler1981,
  abstract = {A new paradigm, Random Sample Consensus (RANSAC), for fitting a model to experimental data is introduced. RANSAC is capable of interpreting/smoothing data containing a significant percentage of gross errors, and is thus ideally suited for applications in automated image analysis where interpretation is based on the data provided by error-prone feature detectors. A major portion of this paper describes the application of RANSAC to the Location Determination Problem (LDP): Given an image depicting a set of landmarks with known locations, determine that point in space from which the image was obtained. In response to a RANSAC requirement, new results are derived on the minimum number of landmarks needed to obtain a solution, and algorithms are presented for computing these minimum-landmark solutions in closed form. These results provide the basis for an automatic system that can solve the LDP under difficult viewing},
  author = {Fischler, Martin A. and Bolles, Robert C.},
  doi = {10.1145/358669.358692},
  issn = {0001-0782},
  journal = {Communications of the ACM},
  month = {jun},
  number = {6},
  pages = {381--395},
  title = {{Random sample consensus}},
  url = {https://dl.acm.org/doi/10.1145/358669.358692},
  volume = {24},
  year = {1981}
}
@article{Myronenko2010,
  author = {Myronenko, Andriy and {Xubo Song}},
  doi = {10.1109/TPAMI.2010.46},
  issn = {0162-8828},
  journal = {IEEE Transactions on Pattern Analysis and Machine Intelligence},
  month = {dec},
  number = {12},
  pages = {2262--2275},
  title = {{Point Set Registration: Coherent Point Drift}},
  url = {http://ieeexplore.ieee.org/document/5432191/},
  volume = {32},
  year = {2010}
}
@inproceedings{Luebke2006,
  address = {New York, New York, USA},
  author = {Luebke, David and Harris, Mark and Govindaraju, Naga and Lefohn, Aaron and Houston, Mike and Owens, John and Segal, Mark and Papakipos, Matthew and Buck, Ian},
  booktitle = {Proceedings of the 2006 ACM/IEEE conference on Supercomputing - SC '06},
  doi = {10.1145/1188455.1188672},
  isbn = {0769527000},
  pages = {208},
  publisher = {ACM Press},
  title = {{S07---GPGPU}},
  url = {http://portal.acm.org/citation.cfm?doid=1188455.1188672},
  year = {2006}
}
@article{Stone2010,
  author = {Stone, John E. and Gohara, David and Shi, Guochun},
  doi = {10.1109/MCSE.2010.69},
  issn = {1521-9615},
  journal = {Computing in Science \& Engineering},
  month = {may},
  number = {3},
  pages = {66--73},
  title = {{OpenCL: A Parallel Programming Standard for Heterogeneous Computing Systems}},
  url = {http://ieeexplore.ieee.org/document/5457293/},
  volume = {12},
  year = {2010}
}
@inproceedings{Luebke2008,
  author = {Luebke, David},
  booktitle = {2008 5th IEEE International Symposium on Biomedical Imaging: From Nano to Macro},
  doi = {10.1109/ISBI.2008.4541126},
  isbn = {978-1-4244-2002-5},
  month = {may},
  pages = {836--838},
  publisher = {IEEE},
  title = {{CUDA: Scalable parallel programming for high-performance scientific computing}},
  url = {http://ieeexplore.ieee.org/document/4541126/},
  year = {2008}
}
@article{Stopper2017,
  author = {Stopper, Daniel and Roth, Roland},
  doi = {10.1063/1.4997636},
  issn = {0021-9606},
  journal = {The Journal of Chemical Physics},
  month = {aug},
  number = {6},
  pages = {064508},
  title = {{Massively parallel GPU-accelerated minimization of classical density functional theory}},
  url = {http://aip.scitation.org/doi/10.1063/1.4997636},
  volume = {147},
  year = {2017}
}
@article{peter2009nvidia,
  title={NVIDIA's Fermi: The First Complete GPU Computing Architecture},
  author={Glaskowsky, Peter N},
  journal={A White Paper of NVIDIA},
  year={2009}
}
@inproceedings{barsukov2013development,
  title={Development of GPICP, a GPU-only registration algorithm based on Iterative Closest Point},
  author={Barsukov, Yaroslav},
  year={2013}
}
@inproceedings{Langis,
  author = {Langis, C. and Greenspan, M. and Godin, G.},
  booktitle = {Proceedings Third International Conference on 3-D Digital Imaging and Modeling},
  doi = {10.1109/IM.2001.924434},
  isbn = {0-7695-0984-3},
  pages = {195--202},
  publisher = {IEEE Comput. Soc},
  title = {{The parallel iterative closest point algorithm}},
  url = {http://ieeexplore.ieee.org/document/924434/},
  year={2001}
}
@inproceedings{LeiFan,
  title={Accelerating Lidar for Robotics with NVIDIA CUDA-based PCL},
  author={Lei Fan, Lily Li},
  url={https://developer.nvidia.com/blog/accelerating-lidar-for-robotics-with-cuda-based-pcl/},
  day={31},
  month={01},
  year={2021}
}
@book{hartley2003multiple,
  title={Multiple view geometry in computer vision},
  author={Hartley, Richard and Zisserman, Andrew},
  year={2003},
  publisher={Cambridge university press}
}
@misc{engineerAmbitiosly,
  author={Engineer Ambitiously},
  title = {Decimation (Digital Filter Design Toolkit)},
  year = {2022},
  url = {https://www.ni.com/docs/en-US/bundle/labview-digital-filter-design-toolkit-api-ref/page/lvdfdtconcepts/dfd_decimation.html#:~:text=Decimation%20filters%20help%20you%20remove,processing%20and%20storing%20the%20signal.},
  note = {[Online; accedido en 12-Mayo-2022]}
}
@misc{rafaelWhyte,
  author={Refael Whyte},
  title = {Comparing Depth Cameras: iToF Versus Active Stereo},
  year = {2022},
  url = {https://medium.com/chronoptics-time-of-flight/comparing-depth-cameras-itof-versus-active-stereo-e163811f3ac8},
  note = {[Online; accedido en 14-Junio-2022]}
}




% --- Referencias de ejemplo que est√°n sin uso ---
@misc{heinz1listings,
	Author = {Heinz, Carsten, Moses and Hoffmann, Jobst},
	Date-Added = {2014-12-16 11:28:32 +0000},
	Date-Modified = {2014-12-18 22:46:20 +0000},
	Howpublished = {http://texdoc.net/texmf-dist/doc/latex/listings/listings.pdf},
	Keywords = {latex, listings},
	Lastchecked = {12/12/2014},
	Month = {March},
	Title = {The listings package, March 2014},
	Url = {http://texdoc.net/texmf-dist/doc/latex/listings/listings.pdf},
	Urldate = {12/12/2014},
	Year = {2014},
	Bdsk-Url-1 = {http://texdoc.net/texmf-dist/doc/latex/listings/listings.pdf}}

@misc{listing_packagge,
	Author = {David Villa},
	Date-Added = {2014-12-15 12:16:37 +0000},
	Date-Modified = {2014-12-18 22:56:06 +0000},
	Howpublished = {http://crysol.org/es/node/909},
	Keywords = {latex listings},
	Lastchecked = {12/12/2014},
	Month = {4},
	Title = {LaTeX: Listados de c{\'o}digo c{\'o}modos y resultones con listings},
	Url = {http://crysol.org/es/node/909},
	Urldate = {12/12/2014},
	Year = {2008},
	Bdsk-Url-1 = {http://crysol.org/es/node/909}}

@misc{UNE50136:97,
	Author = {AENOR},
	Date-Added = {2014-11-04 19:52:15 +0000},
	Date-Modified = {2014-11-04 19:53:44 +0000},
	Keywords = {norma une para tesis y trabajos similares},
	Title = {norma UNE 50136:1997.},
	Url = {http://docubib.uc3m.es/CURSOS/Documentos_cientificos/Normas%20y%20directrices/UNE_50136=ISO%207144.pdf},
	Year = {1997},
	Bdsk-Url-1 = {http://docubib.uc3m.es/CURSOS/Documentos_cientificos/Normas%20y%20directrices/UNE_50136=ISO%207144.pdf}}

@misc{BOE_IM_UA,
	Author = {BOE},
	Date-Added = {2014-11-03 13:30:26 +0000},
	Date-Modified = {2014-11-03 13:33:43 +0000},
	Howpublished = {BOE, 22 marzo de 2012},
	Keywords = {BOE, plan estudios, Ingenier{\'\i}a Multimedia},
	Month = {marzo},
	Title = {Resoluci{\'o}n de 7 de marzo de 2012, de la Universidad de Alicante, por la que se publica el plan de estudios de Graduado en Ingenier{\'\i}a Multimedia.},
	Url = {http://www.boe.es/boe/dias/2012/03/22/pdfs/BOE-A-2012-4008.pdf},
	Year = {2012},
	Bdsk-Url-1 = {http://www.boe.es/boe/dias/2012/03/22/pdfs/BOE-A-2012-4008.pdf}}

@Book{McCarthy2012,
  title     = {Sound systems: design and optimization: modern techniques and tools for sound system design and alignment},
  publisher = {CRC Press},
  year      = {2012},
  author    = {McCarthy, Bob},
}

@Article{Cox2005a,
  author    = {Cox, Trevor J and D‚Äôantonio, Peter and Schroeder, Manfred},
  title     = {Acoustic absorbers and diffusers, theory, design and application},
  journal   = {The Journal of the Acoustical Society of America},
  year      = {2005},
  volume    = {117},
  number    = {3},
  pages     = {988--988},
  publisher = {Acoustical Society of America},
}

@Book{Auld1973,
  title         = {Acoustic fields and waves in solids},
  publisher     = {–†–∏–ø–æ–ª –ö–ª–∞—Å—Å–∏–∫},
  year          = {1973},
  author        = {Auld, Bertram Alexander},
  __markedentry = {[jmrplens:]},
}

@Article{Griffin1958,
  author        = {Griffin, Donald R},
  title         = {Listening in the dark: the acoustic orientation of bats and men.},
  year          = {1958},
  __markedentry = {[jmrplens:]},
  publisher     = {Yale Univer. Press},
}

@Article{Boll1979,
  author        = {Boll, Steven},
  title         = {Suppression of acoustic noise in speech using spectral subtraction},
  journal       = {IEEE Transactions on acoustics, speech, and signal processing},
  year          = {1979},
  volume        = {27},
  number        = {2},
  pages         = {113--120},
  __markedentry = {[jmrplens:]},
  publisher     = {IEEE},
}

@Book{Fant1971,
  title         = {Acoustic theory of speech production: with calculations based on X-ray studies of Russian articulations},
  publisher     = {Walter de Gruyter},
  year          = {1971},
  author        = {Fant, Gunnar},
  volume        = {2},
  __markedentry = {[jmrplens:]},
}

@Book{Colton2012,
  title         = {Inverse acoustic and electromagnetic scattering theory},
  publisher     = {Springer Science \& Business Media},
  year          = {2012},
  author        = {Colton, David and Kress, Rainer},
  volume        = {93},
  __markedentry = {[jmrplens:]},
}

@Book{Burdic1991,
  title         = {Underwater acoustic system analysis},
  publisher     = {Prentice Hall},
  year          = {1991},
  author        = {Burdic, William S},
  __markedentry = {[jmrplens:]},
}

@Article{Kemp1978,
  author        = {Kemp, David T},
  title         = {Stimulated acoustic emissions from within the human auditory system},
  journal       = {The Journal of the Acoustical Society of America},
  year          = {1978},
  volume        = {64},
  number        = {5},
  pages         = {1386--1391},
  __markedentry = {[jmrplens:]},
  publisher     = {ASA},
}

@Book{Rosenbaum1988,
  title         = {Bulk acoustic wave theory and devices},
  publisher     = {Artech House on Demand},
  year          = {1988},
  author        = {Rosenbaum, Joel},
  __markedentry = {[jmrplens:]},
}

@Article{Biot1962,
  author        = {Biot, Maurice A},
  title         = {Mechanics of deformation and acoustic propagation in porous media},
  journal       = {Journal of applied physics},
  year          = {1962},
  volume        = {33},
  number        = {4},
  pages         = {1482--1498},
  __markedentry = {[jmrplens:]},
  publisher     = {AIP},
}

@Article{Rao1990,
  author        = {Rao, NN and Shukla, PK and Yu, M Yu},
  title         = {Dust-acoustic waves in dusty plasmas},
  journal       = {Planetary and space science},
  year          = {1990},
  volume        = {38},
  number        = {4},
  pages         = {543--546},
  __markedentry = {[jmrplens:]},
  publisher     = {Elsevier},
}

@Article{Eisenstein2005,
  author        = {Eisenstein, Daniel J and Zehavi, Idit and Hogg, David W and Scoccimarro, Roman and Blanton, Michael R and Nichol, Robert C and Scranton, Ryan and Seo, Hee-Jong and Tegmark, Max and Zheng, Zheng and others},
  title         = {Detection of the baryon acoustic peak in the large-scale correlation function of SDSS luminous red galaxies},
  journal       = {The Astrophysical Journal},
  year          = {2005},
  volume        = {633},
  number        = {2},
  pages         = {560},
  __markedentry = {[jmrplens:]},
  publisher     = {IOP Publishing},
}

@Article{Cerjan1985,
  author        = {Cerjan, Charles and Kosloff, Dan and Kosloff, Ronnie and Reshef, Moshe},
  title         = {A nonreflecting boundary condition for discrete acoustic and elastic wave equations},
  journal       = {Geophysics},
  year          = {1985},
  volume        = {50},
  number        = {4},
  pages         = {705--708},
  __markedentry = {[jmrplens:]},
  publisher     = {Society of Exploration Geophysicists},
}

@Book{Leighton2012,
  title         = {The acoustic bubble},
  publisher     = {Academic press},
  year          = {2012},
  author        = {Leighton, Timothy},
  __markedentry = {[jmrplens:]},
}

@Article{Hinton2012,
  author        = {Hinton, Geoffrey and Deng, Li and Yu, Dong and Dahl, George E and Mohamed, Abdel-rahman and Jaitly, Navdeep and Senior, Andrew and Vanhoucke, Vincent and Nguyen, Patrick and Sainath, Tara N and others},
  title         = {Deep neural networks for acoustic modeling in speech recognition: The shared views of four research groups},
  journal       = {IEEE Signal Processing Magazine},
  year          = {2012},
  volume        = {29},
  number        = {6},
  pages         = {82--97},
  __markedentry = {[jmrplens:]},
  publisher     = {IEEE},
}

@Article{Conrad1964,
  author        = {Conrad, Reuben},
  title         = {Acoustic confusions in immediate memory},
  journal       = {British journal of Psychology},
  year          = {1964},
  volume        = {55},
  number        = {1},
  pages         = {75--84},
  __markedentry = {[jmrplens:]},
  publisher     = {Wiley Online Library},
}

@Article{Baddeley1966,
  author        = {Baddeley, Alan D},
  title         = {Short-term memory for word sequences as a function of acoustic, semantic and formal similarity},
  journal       = {The Quarterly Journal of Experimental Psychology},
  year          = {1966},
  volume        = {18},
  number        = {4},
  pages         = {362--365},
  __markedentry = {[jmrplens:]},
  publisher     = {Taylor \& Francis},
}

@Article{Kushwaha1993,
  author        = {Kushwaha, Manvir S and Halevi, Peter and Dobrzynski, Leonard and Djafari-Rouhani, Bahram},
  title         = {Acoustic band structure of periodic elastic composites},
  journal       = {Physical review letters},
  year          = {1993},
  volume        = {71},
  number        = {13},
  pages         = {2022},
  __markedentry = {[jmrplens:]},
  publisher     = {APS},
}

@Article{Muthupillai1995,
  author        = {Muthupillai, R and Lomas, DJ and Rossman, PJ and Greenleaf, James F and Manduca, Armando and Ehman, Richard Lorne},
  title         = {Magnetic resonance elastography by direct visualization of propagating acoustic strain waves},
  journal       = {science},
  year          = {1995},
  volume        = {269},
  number        = {5232},
  pages         = {1854--1857},
  __markedentry = {[jmrplens:]},
  publisher     = {American Association for the Advancement of Science},
}

@Article{Barkan1995,
  author        = {Barkan, A and Merlino, Robert L and D‚Äôangelo, N},
  title         = {Laboratory observation of the dust-acoustic wave mode},
  journal       = {Physics of Plasmas},
  year          = {1995},
  volume        = {2},
  number        = {10},
  pages         = {3563--3565},
  __markedentry = {[jmrplens:]},
  publisher     = {AIP},
}

@Article{Akyildiz2005,
  author        = {Akyildiz, Ian F and Pompili, Dario and Melodia, Tommaso},
  title         = {Underwater acoustic sensor networks: research challenges},
  journal       = {Ad hoc networks},
  year          = {2005},
  volume        = {3},
  number        = {3},
  pages         = {257--279},
  __markedentry = {[jmrplens:]},
  publisher     = {Elsevier},
}

@Book{Shaw1996,
  title         = {Software architecture: perspectives on an emerging discipline},
  publisher     = {Prentice Hall Englewood Cliffs},
  year          = {1996},
  author        = {Shaw, Mary and Garlan, David},
  volume        = {1},
  __markedentry = {[jmrplens:6]},
}

@Article{Mitola2000,
  author        = {Mitola, Joseph},
  title         = {Cognitive radio---an integrated agent architecture for software defined radio},
  year          = {2000},
  __markedentry = {[jmrplens:6]},
  publisher     = {Royal Institute of Technology (KTH)},
}

@Article{Ulrich1995,
  author        = {Ulrich, Karl},
  title         = {The role of product architecture in the manufacturing firm},
  journal       = {Research policy},
  year          = {1995},
  volume        = {24},
  number        = {3},
  pages         = {419--440},
  __markedentry = {[jmrplens:6]},
  publisher     = {Elsevier},
}

@Article{Heinzelman2002,
  author        = {Heinzelman, Wendi B and Chandrakasan, Anantha P and Balakrishnan, Hari},
  title         = {An application-specific protocol architecture for wireless microsensor networks},
  journal       = {IEEE Transactions on wireless communications},
  year          = {2002},
  volume        = {1},
  number        = {4},
  pages         = {660--670},
  __markedentry = {[jmrplens:6]},
  publisher     = {IEEE},
}

@TechReport{Blake1998,
  author        = {Blake, Steven and Black, David and Carlson, Mark and Davies, Elwyn and Wang, Zheng and Weiss, Walter},
  title         = {An architecture for differentiated services},
  year          = {1998},
  __markedentry = {[jmrplens:6]},
}

@Book{Anderson2013,
  title         = {The architecture of cognition},
  publisher     = {Psychology Press},
  year          = {2013},
  author        = {Anderson, John R},
  __markedentry = {[jmrplens:6]},
}

@Article{Foschini1996,
  author        = {Foschini, Gerard J},
  title         = {Layered space-time architecture for wireless communication in a fading environment when using multi-element antennas},
  journal       = {Bell labs technical journal},
  year          = {1996},
  volume        = {1},
  number        = {2},
  pages         = {41--59},
  __markedentry = {[jmrplens:6]},
  publisher     = {Wiley Online Library},
}

@Book{Hennessy2011,
  title         = {Computer architecture: a quantitative approach},
  publisher     = {Elsevier},
  year          = {2011},
  author        = {Hennessy, John L and Patterson, David A},
  __markedentry = {[jmrplens:6]},
}

@Article{Hubel1962,
  author        = {Hubel, David H and Wiesel, Torsten N},
  title         = {Receptive fields, binocular interaction and functional architecture in the cat's visual cortex},
  journal       = {The Journal of physiology},
  year          = {1962},
  volume        = {160},
  number        = {1},
  pages         = {106--154},
  __markedentry = {[jmrplens:6]},
  publisher     = {Wiley Online Library},
}

@Article{Fodor1988,
  author        = {Fodor, Jerry A and Pylyshyn, Zenon W},
  title         = {Connectionism and cognitive architecture: A critical analysis},
  journal       = {Cognition},
  year          = {1988},
  volume        = {28},
  number        = {1},
  pages         = {3--71},
  __markedentry = {[jmrplens:6]},
  publisher     = {Elsevier},
}

@InProceedings{Jia2014,
  author        = {Jia, Yangqing and Shelhamer, Evan and Donahue, Jeff and Karayev, Sergey and Long, Jonathan and Girshick, Ross and Guadarrama, Sergio and Darrell, Trevor},
  title         = {Caffe: Convolutional architecture for fast feature embedding},
  booktitle     = {Proceedings of the 22nd ACM international conference on Multimedia},
  year          = {2014},
  pages         = {675--678},
  organization  = {ACM},
  __markedentry = {[jmrplens:6]},
}

@InCollection{Simon1991,
  author        = {Simon, Herbert A},
  title         = {The architecture of complexity},
  booktitle     = {Facets of systems science},
  publisher     = {Springer},
  year          = {1991},
  pages         = {457--476},
  __markedentry = {[jmrplens:6]},
}

@InProceedings{Resnick1994,
  author        = {Resnick, Paul and Iacovou, Neophytos and Suchak, Mitesh and Bergstrom, Peter and Riedl, John},
  title         = {GroupLens: an open architecture for collaborative filtering of netnews},
  booktitle     = {Proceedings of the 1994 ACM conference on Computer supported cooperative work},
  year          = {1994},
  pages         = {175--186},
  organization  = {ACM},
  __markedentry = {[jmrplens:6]},
}

@Article{Alexander1990,
  author        = {Alexander, Garrett E and Crutcher, Michael D},
  title         = {Functional architecture of basal ganglia circuits: neural substrates of parallel processing},
  journal       = {Trends in neurosciences},
  year          = {1990},
  volume        = {13},
  number        = {7},
  pages         = {266--271},
  __markedentry = {[jmrplens:6]},
  publisher     = {Elsevier},
}

@Book{Bass2007,
  title         = {Software architecture in practice},
  publisher     = {Pearson Education India},
  year          = {2007},
  author        = {Bass, Len},
  __markedentry = {[jmrplens:6]},
}

@Book{Fowler2002,
  title         = {Patterns of enterprise application architecture},
  publisher     = {Addison-Wesley Longman Publishing Co., Inc.},
  year          = {2002},
  author        = {Fowler, Martin},
  __markedentry = {[jmrplens:6]},
}

@InProceedings{Wolniansky1998,
  author        = {Wolniansky, Peter W and Foschini, Gerard J and Golden, GD and Valenzuela, Reinaldo A},
  title         = {V-BLAST: An architecture for realizing very high data rates over the rich-scattering wireless channel},
  booktitle     = {Signals, Systems, and Electronics, 1998. ISSSE 98. 1998 URSI International Symposium on},
  year          = {1998},
  pages         = {295--300},
  organization  = {IEEE},
  __markedentry = {[jmrplens:6]},
}

@Book{Buschmann2007,
  title         = {Pattern-oriented Software Architecture: on patterns and pattern language},
  publisher     = {John wiley \& sons},
  year          = {2007},
  author        = {Buschmann, Frank and Henney, Kelvin and Schimdt, Douglas},
  volume        = {5},
  __markedentry = {[jmrplens:6]},
}

@Article{Hubel1968,
  author        = {Hubel, David H and Wiesel, Torsten N},
  title         = {Receptive fields and functional architecture of monkey striate cortex},
  journal       = {The Journal of physiology},
  year          = {1968},
  volume        = {195},
  number        = {1},
  pages         = {215--243},
  __markedentry = {[jmrplens:6]},
  publisher     = {Wiley Online Library},
}

@InProceedings{Fahlman1990,
  author        = {Fahlman, Scott E and Lebiere, Christian},
  title         = {The cascade-correlation learning architecture},
  booktitle     = {Advances in neural information processing systems},
  year          = {1990},
  pages         = {524--532},
  __markedentry = {[jmrplens:6]},
}

@Comment{jabref-meta: databaseType:biblatex;}
